@incollection{Bird1987,
year={1987},
isbn={978-3-642-87376-8},
booktitle={Logic of Programming and Calculi of Discrete Design},
volume={36},
series={NATO ASI Series},
editor={Broy, Manfred},
doi={10.1007/978-3-642-87374-4_1},
title={An Introduction to the Theory of Lists},
url={http://dx.doi.org/10.1007/978-3-642-87374-4_1},
publisher={Springer Berlin Heidelberg},
author={Bird, Richard S.},
pages={5-42},
language={English}
}

@incollection{Bird1989,
year={1989},
isbn={978-3-642-74886-8},
booktitle={Constructive Methods in Computing Science},
volume={55},
series={NATO ASI Series},
editor={Broy, Manfred},
doi={10.1007/978-3-642-74884-4_5},
title={Lectures on Constructive Functional Programming},
url={http://dx.doi.org/10.1007/978-3-642-74884-4_5},
publisher={Springer Berlin Heidelberg},
author={Bird, Richard S.},
pages={151-217},
language={English}
}
